@inproceedings{simonyan2015very,
  title     = {Very Deep Convolutional Networks for Large-Scale Image Recognition},
  author    = {Karen Simonyan and Andrew Zisserman},
  booktitle = {International Conference on Learning Representations (ICLR)},
  pages   = {1--14},
  year      = {2015}
}

@article{hinton2015distilling,
  title   = {Distilling The Knowledge in A Neural Network},
  author  = {Geoffrey Hinton and Oriol Vinyals and Jeff Dean},
  journal = {Journal of Machine Learning Research},
  volume  = {15},
  number  = {1},
  pages   = {3525--3540},
  year    = {2015}
}

@inproceedings{iandola2016squeezenet,
  title     = {SqueezeNet: AlexNet-Level Accuracy With 50x Fewer Parameters and< 0.5 Mb Model Size},
  author    = {Iandola, Forrest N and Han, Song and Moskewicz, Matthew W and Ashraf, Khalid and Dally, William J and Keutzer, Kurt},
  booktitle = {2016 ACM SIGGRAPH Conference on Posters},
  pages     = {1--1},
  year      = {2016}
}

@inproceedings{zhong2021distilling,
  title     = {Distilling Object Detectors via Decoupled Features},
  author    = {Zhun Zhong and Zuxuan Wu and Ting Liu and Dahua Lin},
  booktitle = {IEEE Conference on Computer Vision and Pattern Recognition (CVPR)},
  pages     = {3073--3082},
  year      = {2021}
}

@inproceedings{tang2021channel,
  title     = {Channel-wise Knowledge Distillation for Dense Prediction},
  author    = {Hao Tang and Wei Wang and Tong Zhang and Rui Zhao},
  booktitle = {IEEE International Conference on Computer Vision (ICCV)},
  pages     = {4426--4435},
  year      = {2021}
}

@inproceedings{liu2018mimicking,
  title     = {Mimicking Very Efficient Network for Object Detection},
  author    = {Liu, Wei and Anguelov, Dragomir and Erhan, Dumitru and Szegedy, Christian and Reed, Scott and Fu, Cheng-Yang and Berg, Alexander C},
  booktitle = {IEEE Conference on Computer Vision and Pattern Recognition (CVPR)},
  pages     = {7340--7349},
  year      = {2018}
}

@inproceedings{howard2017mobilenets,
  title     = {MobileNets: Efficient Convolutional Neural Networks for Mobile Vision Applications},
  author    = {Howard, Andrew G and Zhu, Menglong and Chen, Bo and Kalenichenko, Dmitry and Wang, Weijun and Weyand, Tobias and Andreetto, Marco and Adam, Hartwig},
  booktitle = {IEEE Conference on Computer Vision and Pattern Recognition (CVPR)},
  pages     = {138--147},
  year      = {2017}
}

@inproceedings{lin2013network,
  title     = {Network in Network},
  author    = {Lin, Min and Chen, Qiang and Yan, Shuai},
  booktitle = {International Conference on Learning Representations (ICLR)},
  year      = {2014},
  pages     = {1--10},
}

@inproceedings{lin2020hrank,
  title     = {HRank: Filter Pruning using High-Rank Feature Map},
  author    = {Lin, Jiachen and Ji, Rongrong and Li, Yixuan and Gao, Baochang and Liu, Yong and Cheng, Jian},
  booktitle = {IEEE Conference on Computer Vision and Pattern Recognition (CVPR)},
  pages     = {12267--12276},
  year      = {2020}
}

@inproceedings{zhang2018deep,
  title     = {Deep Mutual Learning},
  author    = {Zhang, Zhuang and Zou, Changqing and Zhang, Jianming and He, Jian and Sun, Jian},
  booktitle = {IEEE Conference on Computer Vision and Pattern Recognition (CVPR)},
  pages     = {4327--4335},
  year      = {2018}
}

@inproceedings{chen2017learning,
  title     = {Learning to Compress Deep Networks Using Knowledge Distillation},
  author    = {Chen, Li and Zhu, Guo and Papandreou, George and Schroff, Florian and Adam, Hartwig},
  booktitle = {IEEE Conference on Computer Vision and Pattern Recognition (CVPR)},
  pages     = {742--750},
  year      = {2017}
}

@inproceedings{li2017knowledge,
  title     = {Knowledge Distillation for Semantic Segmentation},
  author    = {Xiangtai Li and Qi Chen and Liefeng Xiao and Jianfeng Wang and Liang Lin},
  booktitle = {IEEE International Conference on Computer Vision (ICCV)},
  pages     = {4184--4192},
  year      = {2017}
}

@inproceedings{romero2015fitnets,
  title     = {FitNets: Hints for Thin Deep Nets},
  author    = {Romero, Adriana and Ballas, Nicolas and Kahou, Samira Ebrahimi and Chassang, Antoine and Gatta, Carlo and Bengio, Yoshua},
  booktitle = {International Conference on Learning Representations (ICLR)},
  year      = {2015},
  pages     = {1--13},
}

@article{GRSL2019LocalContrastTDLMS,
  author  = {Jinhui Han and Sibang Liu and Gang Qin and Qian Zhao and Honghui Zhang and Nana Li},
  journal = {IEEE Geoscience and Remote Sensing Letters},
  title   = {A Local Contrast Method Combined With Adaptive Background Estimation for Infrared Small Target Detection},
  year    = {2019},
  volume  = {16},
  number  = {9},
  pages   = {1442--1446}
}

@article{TIP13IPI,
  author  = {Chenqiang Gao and
             Deyu Meng and
             Yi Yang and
             Yongtao Wang and
             Xiaofang Zhou and
             Alexander G. Hauptmann},
  title   = {Infrared Patch-Image Model for Small Target Detection in a Single Image},
  journal = {IEEE Transactions on Image Processing},
  volume  = {22},
  number  = {12},
  pages   = {4996--5009},
  year    = {2013}
}

@article{TPAMI13DECOLOR,
  author  = {Xiaowei Zhou and Can Yang and Weichuan Yu},
  title   = {{Moving Object Detection by Detecting Contiguous Outliers in the Low-Rank Representation}},
  journal = {IEEE Transactions on Pattern Analysis and Machine Intelligence},
  volume  = {35},
  number  = {3},
  pages   = {597--610},
  year    = {2013},
  month   = {Mar}
}

@article{IPT17NIPPS,
  title   = {Non-Negative Infrared Patch-Image Model: Robust Target-Background Separation via Partial Sum Minimization of Singular Values},
  journal = {Infrared Physics \& Technology},
  volume  = {81},
  pages   = {182--194},
  year    = {2017},
  author  = {Yimian Dai and Yiquan Wu and Yu Song and Jun Guo}
}

@article{JSTARS17RIPT,
  author  = {Yimian Dai and Yiquan Wu},
  title   = {Reweighted Infrared Patch-Tensor Model with Both Nonlocal and Local Priors for Single-Frame Small Target Detection},
  journal = {IEEE Journal of Selected Topics in Applied Earth Observations and Remote Sensing},
  volume  = {10},
  number  = {8},
  pages   = {3752--3767},
  year    = {2017}
}

@article{RS19TensorPartialSum,
  author  = {Zhang, Landan and Peng, Zhenming},
  title   = {{Infrared Small Target Detection Based on Partial Sum of the Tensor Nuclear Norm}},
  journal = {Remote Sensing},
  volume  = {11},
  number  = {4},
  pages   = {382},
  year    = {2019},
  month   = {Jan}
}

@inproceedings{WACV21ACM,
  author    = {Yimian Dai and Yiquan Wu and Fei Zhou and Kobus Barnard},
  title     = {Asymmetric Contextual Modulation for Infrared Small Target Detection},
  booktitle = {IEEE Winter Conference on Applications of Computer Vision (WACV)},
  year      = {2021},
  pages     = {949--958}
}

@article{TGRS21InfraredGAN,
  author  = {Bin Zhao and Chunping Wang and Qiang Fu and Zishuo Han},
  journal = {IEEE Transactions on Geoscience and Remote Sensing},
  title   = {A Novel Pattern for Infrared Small Target Detection With Generative Adversarial Network},
  year    = {2021},
  volume  = {59},
  number  = {5},
  pages   = {4481-4492}
}

@inproceedings{ICCV19Infrared,
  author    = {Huan Wang and Luping Zhou and Lei Wang},
  booktitle = {{IEEE} International Conference on Computer Vision ({ICCV}), Seoul, Korea (South)},
  title     = {Miss Detection vs. False Alarm: Adversarial Learning for Small Object Segmentation in Infrared Images},
  year      = {2019},
  pages     = {8508--8517}
}

@article{TGRS2021ALCNet,
  author  = {Yimian Dai and Yiquan Wu and Fei Zhou and Kobus Barnard},
  journal = {IEEE Transactions on Geoscience and Remote Sensing},
  title   = {Attentional Local Contrast Networks for Infrared Small Target Detection},
  year    = {2021},
  volume  = {59},
  number  = {11},
  pages   = {9813--9824}
}

@article{GGXB202205003,
  author  = {左希迎},
  title   = {美国对华常规威慑战略的调整},
  journal = {国际安全研究},
  volume  = {40},
  number  = {05},
  pages  = {53--80},
  year    = {2022},
  issn    = {2095-574X},
  doi     = {10.14093/j.cnki.cn10-1132/d.2022.05.003}
}

@book{Frankopan2018,
  author    = {Frankopan, Peter},
  title     = {The New Silk Roads: The Present and Future of the World},
  publisher = {Bloomsbury Publishing},
  year      = {2018},
  address   = {London, UK},
  isbn      = {978-1-4088-9335-8}
}

@article{GeTengfei,
  author  = {葛腾飞},
  title   = {打造强大的国家战略威慑力量体系},
  journal = {人民论坛},
  volume  = {},
  number  = {21},
  year    = {2022},
  pages   = {38--41}
}

@book{Vollmer2018,
  author    = {Michael Vollmer and Klaus-Peter Möllmann},
  title     = {Infrared Thermal Imaging: Fundamentals, Research and Applications, 2nd Edition},
  publisher = {Wiley-VCH},
  year      = {2018},
  doi       = {10.1002/9783527806332},
  isbn      = {978-3-527-80632-5},
  url       = {https://www.wiley.com/en-us/Infrared+Thermal+Imaging%3A+Fundamentals,+Research+and+Applications,+2nd+Edition-p-9783527806325}
}

@article{song2022da,
  title   = {大视场仿生复眼光电成像探测技术的研究发展},
  author  = {宋岩峰 and 郝群 and 曹杰 and 刘灏 and 刘强辉 and 李杰},
  journal = {红外与激光工程},
  volume  = {51},
  number  = {05},
  pages   = {353-359},
  year    = {2022},
  lang={zh}
}

@article{song2020xin,
  title   = {新型光电探测技术在精确制导武器上的应用研究},
  author  = {宋闯 and 姜鹏 and 段磊 and 孙剑峰 and 范之国},
  journal = {红外与激光工程},
  volume  = {49},
  number  = {06},
  pages   = {218-227},
  year    = {2020},
  lang={zh}
}


@article{9714770,
  author  = {Zhao, Mingjing and Li, Wei and Li, Lu and Hu, Jin and Ma, Pengge and Tao, Ran},
  journal = {IEEE Geoscience and Remote Sensing Magazine},
  title   = {Single-Frame Infrared Small-Target Detection: A survey},
  year    = {2022},
  volume  = {10},
  number  = {2},
  pages   = {87-119},
  doi     = {10.1109/MGRS.2022.3145502}
}

@article{吴一全2011无下采样Contourlet红外,
  title   = {基于无下采样 Contourlet 变换和独立分量分析的红外弱小目标检测},
  author  = {吴一全 and 纪守新 and 占必超},
  journal = {光学学报},
  volume  = {31},
  number  = {5},
  pages   = {82--89},
  year    = {2011},
  lang    = {zh}
}

@article{luo2017,
  title   = {美国战略威慑体系的调整与中美战略稳定性},
  author  = {罗曦},
  journal = {国际关系研究},
  year    = {2017},
  number  = {06},
  pages   = {32--49},
  lang    = {zh}
}

@article{TGRS13LCM,
  author  = {C. L. Philip Chen and
             Hong Li and
             Yantao Wei and
             Tian Xia and
             Yuan Yan Tang},
  title   = {A Local Contrast Method for Small Infrared Target Detection},
  journal = {IEEE Transactions on Geoscience and Remote Sensing},
  volume  = {52},
  number  = {1},
  pages   = {574--581},
  year    = {2014}
}

@article{GRSL16IDoGb,
  author  = {Jinhui Han and Yong Ma and Jun Huang and Xiaoguang Mei and Jiayi Ma},
  title   = {{An Infrared Small Target Detecting Algorithm Based on Human Visual System}},
  journal = {IEEE Geoscience and Remote Sensing Letters},
  volume  = {13},
  number  = {3},
  pages   = {452--456},
  year    = {2016},
  month   = {Feb}
}

@article{IPT12EdgeTDLMS,
  title   = {Edge Directional 2D LMS Filter for Infrared Small Target Detection},
  author  = {Tae-Wuk Bae and Fei Zhang and In-So Kweon},
  journal = {Infrared Physics \& Technology},
  volume  = {55},
  number  = {1},
  pages   = {137--145},
  year    = {2012}
}

@article{9864119,
  author  = {Li, Boyang and Xiao, Chao and Wang, Longguang and Wang, Yingqian and Lin, Zaiping and Li, Miao and An, Wei and Guo, Yulan},
  journal = {IEEE Transactions on Image Processing},
  title   = {Dense Nested Attention Network for Infrared Small Target Detection},
  year    = {2022},
  volume  = {},
  number  = {},
  pages   = {1-1},
  doi     = {10.1109/TIP.2022.3199107}
}

@article{CSData19IR,
  title   = {地空背景下红外图像弱小飞机目标检测跟踪数据集},
  author  = {回丙伟 and 宋志勇 and 范红旗 and 钟平 and 胡卫东 and 张晓峰 and 凌建国 and 苏宏艳 and 金威 and 张永杰 and 白亚茜},
  journal = {中国科学数据},
  volume  = {5},
  number  = {3},
  year    = {2020},
  pages   = {291--302},
  lang    = {zh}
}

@article{CSData21IR,
  title   = {复杂背景下红外弱小运动目标检测数据集},
  author  = {孙晓亮 and 郭良超 and 张文龙 and 王梓 and 侯艳杰 and 李璋 and 滕锡超},
  journal = {中国科学数据},
  volume  = {1},
  number  = {1},
  year    = {2021},
  pages   = {1--19},
  lang    = {zh}
}

@article{kwan2021target,
  title   = {Target Detection and Classification Performance Enhancement Using Superresolution Infrared Videos},
  author  = {Kwan, Chiman and Gribben, David and Budavari, Bence},
  journal = {Signal \& Image Processing: An International Journal (SIPIJ)},
  volume  = {12},
  number  = {2},
  pages   = {--},
  year    = {2021},
  month   = {April},
  url     = {https://ssrn.com/abstract=3853460}
}

@article{9796529,
  author  = {Ying, Xinyi and Wang, Yingqian and Wang, Longguang and Sheng, Weidong and Liu, Li and Lin, Zaiping and Zhou, Shilin},
  journal = {IEEE Journal of Selected Topics in Applied Earth Observations and Remote Sensing},
  title   = {Local Motion and Contrast Priors Driven Deep Network for Infrared Small Target Superresolution},
  year    = {2022},
  volume  = {15},
  number  = {},
  pages   = {5480-5495},
  doi     = {10.1109/JSTARS.2022.3183230}
}

@article{9570298,
  author  = {Du, Jinming and Lu, Huanzhang and Zhang, Luping and Hu, Moufa and Chen, Sheng and Deng, Yingjie and Shen, Xinglin and Zhang, Yu},
  journal = {IEEE Transactions on Geoscience and Remote Sensing},
  title   = {A Spatial-Temporal Feature-Based Detection Framework for Infrared Dim Small Target},
  year    = {2022},
  volume  = {60},
  number  = {},
  pages   = {1-12},
  doi     = {10.1109/TGRS.2021.3117131}
}

@article{IPT15LRSR,
  author  = {YuJie He and Min Li and JinLi Zhang and Qi An},
  title   = {{Small Infrared Target Detection Based on Low-Rank and Sparse Representation}},
  journal = {Infrared Physics {\&} Technology},
  volume  = {68},
  pages   = {98--109},
  year    = {2015},
  month   = {Jan}
}

@article{zhu2020infrared,
  title     = {Infrared Small Target Detection via Low-rank Tensor Completion with Top-Hat regularization},
  author    = {Zhu Hu and Liu Shiming and Deng Lizhen and et al.},
  journal   = {IEEE Transactions on Geoscience and Remote Sensing},
  volume    = {58},
  number    = {2},
  pages     = {1004--1016},
  year      = {2020},
  publisher = {IEEE}
}

@article{zhang2021edge,
  title     = {Edge And Corner Awareness Based Spatial-Temporal Tensor Model for Infrared Small Target Detection},
  author    = {Zhang Ping and Zhang Lingyi and Wang Xiaoyang and et al.},
  journal   = {IEEE Transactions on Geoscience and Remote Sensing},
  volume    = {59},
  number    = {12},
  pages     = {10708--10724},
  year      = {2021},
  publisher = {IEEE}
}

@article{du2020infrared,
  title     = {Infrared Moving Small Target Detection Using Spatial-Temporal Local Difference Measure},
  author    = {Du Peng and Askar Hamdulla},
  journal   = {IEEE Geoscience and Remote Sensing Letters},
  volume    = {17},
  number    = {10},
  pages     = {1817--1821},
  year      = {2020},
  publisher = {IEEE}
}

@article{wang2014antivibration,
  title     = {Antivibration Pipeline Filtering Algorithm for Maritime Small Target Detection},
  author    = {Wang Bin and Xu Wenhai and Zhao Ming and et al.},
  journal   = {Optical Engineering},
  volume    = {53},
  number    = {11},
  pages     = {113109},
  year      = {2014},
  publisher = {SPIE}
}

@article{ma2016rectilinear,
  title     = {Rectilinear-motion Space Inversion-based Detection Approach for Infrared Dim Air Targets with Variable Velocities},
  author    = {Ma Tianlei and Shi Zelin and Yin Jian and et al.},
  journal   = {Optical Engineering},
  volume    = {55},
  number    = {3},
  pages     = {033102},
  year      = {2016},
  publisher = {SPIE}
}

@article{TGRS16WLDM,
  author  = {He Deng and Xianping Sun and Maili Liu and Chaohui Ye and Xin Zhou},
  journal = {IEEE Transactions on Geoscience and Remote Sensing},
  title   = {Small Infrared Target Detection Based on Weighted Local Difference Measure},
  year    = {2016},
  volume  = {54},
  number  = {7},
  pages   = {4204--4214}
}

@article{PR16MPCM,
  author  = {Yantao Wei and
             Xinge You and
             Hong Li},
  title   = {Multiscale Patch-Based Contrast Measure for Small Infrared Target Detection},
  journal = {Pattern Recognition},
  volume  = {58},
  pages   = {216--226},
  year    = {2016}
}

@article{TGRS18DECM,
  author  = {Xiangzhi Bai and Yanguang Bi},
  title   = {{Derivative Entropy-Based Contrast Measure for Infrared Small-Target Detection}},
  journal = {IEEE Transactions on Geoscience and Remote Sensing},
  volume  = {56},
  number  = {4},
  pages   = {2452--2466},
  year    = {2018},
  month   = {Jan}
}

@article{吴双忱2019卷积神经网络红外,
  title   = {基于深度卷积神经网络的红外小目标检测},
  author  = {吴双忱 and 左峥嵘},
  journal = {红外与毫米波学报},
  volume  = {38},
  number  = {3},
  pages   = {371--380},
  year    = {2019},
  lang    = {zh}
}

@article{han2022,
  title   = {红外弱小目标检测方法综述},
  author  = {韩金辉 and 魏艳涛 and 彭真明 and 赵骞 and 陈耀弘 and 覃尧 and 李楠},
  journal = {红外与激光工程},
  volume  = {51},
  number  = {04},
  pages   = {438--461},
  year    = {2022},
  lang    = {zh}
}

@inproceedings{luo2016understanding,
  title     = {Understanding the Effective Receptive Field in Deep Convolutional Neural Networks},
  author    = {Luo, Wenjie and Li, Yujia and Urtasun, Raquel and Zemel, Richard},
  booktitle = {Annual Conference on Neural Information Processing Systems (NeurIPS)},
  pages     = {4898--4906},
  year      = {2016}
}

@inproceedings{Zhang_2022_CVPR,
  author    = {Zhang, Mingjin and Zhang, Rui and Yang, Yuxiang and Bai, Haichen and Zhang, Jing and Guo, Jie},
  title     = {ISNet: Shape Matters for Infrared Small Target Detection},
  booktitle = {IEEE Conference on Computer Vision and Pattern Recognition (CVPR)},
  month     = {June},
  year      = {2022},
  pages     = {13898-13907}
}

@article{donoho2006compressed,
  title     = {Compressed Sensing},
  author    = {Donoho, David L},
  journal   = {IEEE Transactions on Information Theory},
  volume    = {52},
  number    = {4},
  pages     = {1289--1306},
  year      = {2006},
  publisher = {IEEE}
}

@article{li2020,
  title   = {针对弹载平台红外小目标的检测与跟踪算法},
  author  = {李大维 and 莫波 and 高可 and 王新春},
  journal = {宇航学报},
  volume  = {41},
  number  = {11},
  pages   = {1440--1448},
  year    = {2020},
  lang    = {zh}
}

@article{10011452,
  author  = {Sun, Heng and Bai, Junxiang and Yang, Fan and Bai, Xiangzhi},
  journal = {IEEE Transactions on Geoscience and Remote Sensing},
  title   = {Receptive-Field and Direction Induced Attention Network for Infrared Dim Small Target Detection With a Large-Scale Dataset IRDST},
  year    = {2023},
  volume  = {61},
  number  = {},
  pages   = {1--13},
  doi     = {10.1109/TGRS.2023.3235150}
}

@article{zou2011,
  title   = {基于剪切波变换的复杂海面红外目标检测算法},
  author  = {邹瑞滨 and 史彩成 and 毛二可},
  journal = {仪器仪表学报},
  volume  = {32},
  number  = {05},
  pages   = {1103--1108},
  year    = {2011},
  doi     = {10.19650/j.cnki.cjsi.2011.05.023},
  lang    = {zh}
}

@article{9933804,
  author  = {Wu, Peng and Huang, Honghe and Qian, Hanxiang and Su, Shaojing and Sun, Bei and Zuo, Zhen},
  journal = {IEEE Transactions on Geoscience and Remote Sensing},
  title   = {SRCANet: Stacked Residual Coordinate Attention Network for Infrared Ship Detection},
  year    = {2022},
  volume  = {60},
  number  = {},
  pages   = {1--14},
  doi     = {10.1109/TGRS.2022.3218563}
}

@inproceedings{NIPS2012_c399862d,
  author    = {Krizhevsky, Alex and Sutskever, Ilya and Hinton, Geoffrey E},
  booktitle = {Annual Conference on Neural Information Processing Systems (NeurIPS)},
  pages     = {1097--1105},
  title     = {ImageNet Classification with Deep Convolutional Neural Networks},
  volume    = {25},
  year      = {2012}
}

@inproceedings{9880273,
  author    = {Ding, Xiaohan and Zhang, Xiangyu and Han, Jungong and Ding, Guiguang},
  booktitle = {IEEE Conference on Computer Vision and Pattern Recognition (CVPR)},
  title     = {Scaling Up Your Kernels to 31×31: Revisiting Large Kernel Design in CNNs},
  year      = {2022},
  volume    = {},
  number    = {},
  pages     = {11953--11965},
}

@inproceedings{CVPR2022LocalizationDistillation,
  author    = {Zhaohui Zheng and Rongguang Ye and Ping Wang and Dongwei Ren and Wangmeng Zuo and Qibin Hou and Ming-Ming Cheng},
  title     = {Localization Distillation for Dense Object Detection},
  booktitle = {{IEEE} Conference on Computer Vision and Pattern Recognition ({CVPR})},
  year      = {2022},
  pages     = {9407--9416}
}

@inproceedings{ICML21GWD,
  author    = {Xue Yang and
               Junchi Yan and
               Qi Ming and
               Wentao Wang and
               Xiaopeng Zhang and
               Qi Tian},
  title     = {Rethinking Rotated Object Detection with Gaussian Wasserstein Distance
               Loss},
  booktitle = {38th International Conference on Machine Learning ({ICML})},
  volume    = {139},
  pages     = {11830--11841},
  year      = {2021},
}

@article{li2020review,
  title   = {红外弱小目标检测算法综述},
  author  = {李俊宏 and 张萍 and 王晓玮 and 黄世泽},
  journal = {中国图象图形学报},
  year    = {2020},
  volume  = {25},
  number  = {09},
  pages   = {1739--1753},
  lang    = {zh}
}
@article{IJCV10VOC,
  author  = {Mark Everingham and
             Luc Van Gool and
             Christopher K. I. Williams and
             John M. Winn and
             Andrew Zisserman},
  title   = {The Pascal Visual Object Classes {(VOC)} Challenge},
  journal = {International Journal of Computer Vision},
  volume  = {88},
  number  = {2},
  pages   = {303--338},
  year    = {2010},
}

@inproceedings{lin2014microsoft,
  author    = {Tsung{-}Yi Lin and
               Michael Maire and
               Serge J. Belongie and
               James Hays and
               Pietro Perona and
               Deva Ramanan and
               Piotr Doll{\'{a}}r and
               C. Lawrence Zitnick},
  title     = {Microsoft {COCO:} Common Objects in Context},
  booktitle = {European Conference on Computer Vision (ECCV)},
  year      = {2014},
  pages     = {740--755},
}

@inproceedings{tsai-etal-2019-transformer,
  title     = {Transformer Dissection: An Unified Understanding for Transformer{'}s Attention via the Lens of Kernel},
  author    = {Tsai, Yao-Hung Hubert  and
               Bai, Shaojie  and
               Yamada, Makoto  and
               Morency, Louis-Philippe  and
               Salakhutdinov, Ruslan},
  booktitle = {the 2019 Conference on Empirical Methods in Natural Language Processing (EMNLP)},
  year      = {2019},
  pages     = {4344--4353},
}

@inproceedings{ICCV17DCN,
  author    = {Jifeng Dai and Haozhi Qi and Yuwen Xiong and Yi Li and Guodong Zhang and Han Hu and Yichen Wei},
  title     = {Deformable Convolutional Networks},
  booktitle = {{IEEE} International Conference on Computer Vision, {ICCV}},
  year      = {2017},
  pages     = {764--773},
  bibsource = {dblp computer science bibliography, https://dblp.org},
  timestamp = {Wed, 16 Oct 2019 14:14:51 +0200}
}

@article{YuWQLLZ21,
  author  = {Zitong Yu and Jun Wan and Yunxiao Qin and Xiaobai Li and Stan Z. Li and Guoying Zhao},
  title   = {{NAS-FAS:} Static-Dynamic Central Difference Network Search for Face Anti-Spoofing},
  journal = {IEEE Transactions on Pattern Analysis and Machine Intelligence},
  volume  = {43},
  number  = {9},
  pages   = {3005--3023},
  year    = {2021},
}

@inproceedings{CVPR19SKNet,
  author    = {Xiang Li and Wenhai Wang and Xiaolin Hu and Jian Yang},
  title     = {Selective Kernel Networks},
  booktitle = {{IEEE} Conference on Computer Vision and Pattern Recognition (CVPR)},
  year      = {2019},
  pages     = {510--519},
}

@article{guo2022visual,
  title   = {Visual Attention Network},
  author  = {Guo, Meng-Hao and Lu, Cheng-Ze and Liu, Zheng-Ning and Cheng, Ming-Ming and Hu, Shi-Min},
  journal = {arXiv preprint arXiv:2202.09741},
  year    = {2022},
  pages     = {1--21},
}

@inproceedings{ICCV19FCOS,
  author    = {Zhi Tian and Chunhua Shen and Hao Chen and Tong He},
  title     = {{FCOS:} Fully Convolutional One-Stage Object Detection},
  booktitle = {{IEEE} International Conference on Computer Vision ({ICCV})},
  pages     = {9626--9635},
  year      = {2019}
}

@inproceedings{GrahamEM18,
  author    = {Benjamin Graham and
               Martin Engelcke and
               Laurens van der Maaten},
  title     = {3D Semantic Segmentation With Submanifold Sparse Convolutional Networks},
  booktitle = {{IEEE} Conference on Computer Vision and Pattern Recognition (CVPR)},
  pages     = {9224--9232},
  year      = {2018},
}

@inproceedings{ICCV2021PSKD,
  author    = {Kyungyul Kim and ByeongMoon Ji and Doyoung Yoon and Sangheum Hwang},
  title     = {Self-Knowledge Distillation With Progressive Refinement of Targets},
  booktitle = {IEEE International Conference on Computer Vision (ICCV)},
  year      = {2021},
  pages     = {6567--6576}
}

@inproceedings{SchroffKP15,
  author    = {Florian Schroff and
               Dmitry Kalenichenko and
               James Philbin},
  title     = {FaceNet: {A} unified embedding for face recognition and clustering},
  booktitle = {{IEEE} Conference on Computer Vision and Pattern Recognition (CVPR)},
  pages     = {815--823},
  year      = {2015},
}

@inproceedings{NIPS17Attention,
  author    = {Ashish Vaswani and Noam Shazeer and Niki Parmar and Jakob Uszkoreit and Llion Jones and Aidan N. Gomez and Lukasz Kaiser and Illia Polosukhin},
  title     = {Attention Is All You Need},
  booktitle = {Annual Conference on Neural Information Processing Systems (NeurIPS)},
  year      = {2017},
  pages     = {5998--6008}
}

@inproceedings{NIPS20GFLv1,
  author    = {Xiang Li and
               Wenhai Wang and
               Lijun Wu and
               Shuo Chen and
               Xiaolin Hu and
               Jun Li and
               Jinhui Tang and
               Jian Yang},
  title     = {Generalized Focal Loss: Learning Qualified and Distributed Bounding
               Boxes for Dense Object Detection},
  booktitle = {Annual Conference
               on Neural Information Processing Systems (NeurIPS)},
  year      = {2020}
}

@inproceedings{CVPR21GFLv2,
  author    = {Xiang Li and
               Wenhai Wang and
               Xiaolin Hu and
               Jun Li and
               Jinhui Tang and
               Jian Yang},
  title     = {Generalized Focal Loss {V2:} Learning Reliable Localization Quality
               Estimation for Dense Object Detection},
  booktitle = {{IEEE} Conference on Computer Vision and Pattern Recognition (CVPR)},
  pages     = {11632--11641},
  year      = {2021}
}

@inproceedings{YingHLS021,
  author    = {Hui Ying and
               Zhaojin Huang and
               Shu Liu and
               Tianjia Shao and
               Kun Zhou},
  title     = {EmbedMask: Embedding Coupling for Instance Segmentation},
  booktitle = {the Thirtieth International Joint Conference on Artificial
               Intelligence ({IJCAI})},
  pages     = {1266--1273},
  publisher = {ijcai.org},
  year      = {2021},
}